<record xmlns:xsi="http://www.w3.org/2001/XMLSchema-instance" xmlns="http://www.loc.gov/MARC21/slim" xsi:schemaLocation="http://www.loc.gov/MARC21/slim http://www.loc.gov/standards/marcxml/schema/MARC21slim.xsd">

  <leader>00728nam a2200193Ia 4500</leader>
  <controlfield tag="008">150729b2012    cr ||||| |||| 00| | spa d</controlfield>
  <datafield ind1=" " tag="022" ind2=" ">
    <subfield code="a">1409-3073</subfield>
  </datafield>
  <datafield tag="090" ind2=" " ind1=" ">
    <subfield code="a">13.01.02 </subfield>
    <subfield code="b">1290</subfield>
  </datafield>
  <datafield ind1="2" ind2=" " tag="110">
    <subfield code="9">44</subfield>
    <subfield code="a">Consejo Nacional de Rectores. Oficina de Planificación de la Educación Superior</subfield>
  </datafield>
  <datafield ind2="0" tag="245" ind1="1">
    <subfield code="a">Análisis de la demanda de profesionales en el periódico La Nación en el 2011 / Jorge Mario Cabrera Valverde</subfield>
  </datafield>
  <datafield ind1=" " tag="260" ind2=" ">
    <subfield code="a">San José, Costa Rica : </subfield>
    <subfield code="b">OPES; </subfield>
    <subfield code="b">OLAP, </subfield>
    <subfield code="c">2012</subfield>
  </datafield>
  <datafield tag="300" ind2=" " ind1=" ">
    <subfield code="a">56 páginas</subfield>
  </datafield>
  <datafield ind1=" " ind2=" " tag="500">
    <subfield code="a">La Unidad posee análisis en el 2005 y en el 2007</subfield>
  </datafield>
  <datafield tag="650" ind2="4" ind1="1">
    <subfield code="a">MERCADO DE TRABAJO</subfield>
    <subfield code="9">571</subfield>
  </datafield>
  <datafield ind2="4" tag="650" ind1="1">
    <subfield code="a">DATOS ESTADÍSTICOS</subfield>
    <subfield code="9">452</subfield>
  </datafield>
  <datafield ind1=" " tag="651" ind2="4">
    <subfield code="a">COSTA RICA</subfield>
    <subfield code="9">47</subfield>
  </datafield>
  <datafield tag="700" ind2=" " ind1=" ">
    <subfield code="a">Cabrera Valverde, Jorge Mario</subfield>
  </datafield>
  <datafield tag="942" ind2=" " ind1=" ">
    <subfield code="2">z</subfield>
    <subfield code="c">01</subfield>
  </datafield>
  <datafield tag="999" ind2=" " ind1=" ">
    <subfield code="c">126</subfield>
    <subfield code="d">126</subfield>
  </datafield>
</record>